../magisterij-primer-sl/literatura.bib